[gd_scene load_steps=10 format=2]

[ext_resource path="res://entities/player/Player.gd" type="Script" id=1]
[ext_resource path="res://entities/actors/player/PlayerSprite.tscn" type="PackedScene" id=2]
[ext_resource path="res://entities/components/umbrella/Umbrella.tscn" type="PackedScene" id=3]
[ext_resource path="res://entities/components/states/States.tscn" type="PackedScene" id=4]
[ext_resource path="res://controls/KeyboardControl.tscn" type="PackedScene" id=5]
[ext_resource path="res://entities/components/collector/Collector.gd" type="Script" id=6]
[ext_resource path="res://entities/components/destroyable/destroyable.tscn" type="PackedScene" id=7]
[ext_resource path="res://entities/components/playable/playable.tscn" type="PackedScene" id=8]


[sub_resource type="RectangleShape2D" id=1]

custom_solver_bias = 0.0
extents = Vector2( 8, 16 )

[node name="Player" type="KinematicBody2D" groups=[
"Player",
]]

input_pickable = false
collision_layer = 1
collision_mask = 1
collision/safe_margin = 0.08
script = ExtResource( 1 )

[node name="player_sprite" parent="." index="0" instance=ExtResource( 2 )]

[node name="umbrella_sprite" parent="." index="1" instance=ExtResource( 3 )]

[node name="player_collision" type="CollisionShape2D" parent="." index="2"]

shape = SubResource( 1 )
__meta__ = {
"_edit_lock_": true
}

[node name="States" parent="." index="3" instance=ExtResource( 4 )]

[node name="Control" parent="." index="4" instance=ExtResource( 5 )]

[node name="Collectables" type="Node" parent="." index="5"]

script = ExtResource( 6 )

[node name="Destroyable" parent="." index="6" instance=ExtResource( 7 )]

[node name="Player" parent="." index="7" instance=ExtResource( 8 )]

[connection signal="destroyed" from="Destroyable" to="." method="_kill"]

[connection signal="destroyed" from="Destroyable" to="Player" method="_die"]


