[gd_scene load_steps=7 format=2]

[ext_resource path="res://stages/Base.gd" type="Script" id=1]
[ext_resource path="res://managers/pause_manager/Pause_Manager.tscn" type="PackedScene" id=2]
[ext_resource path="res://entities/actors/player/PlayerBase.tscn" type="PackedScene" id=3]
[ext_resource path="res://menus/stage_transition/StageTransition.tscn" type="PackedScene" id=4]
[ext_resource path="res://menus/pause_menu/pause_popup.tscn" type="PackedScene" id=5]

[sub_resource type="GDScript" id=1]

script/source = "extends Position2D

export(PackedScene) var PLAYER_SCN = preload(\"res://entities/player/Player.tscn\")

onready var _camera = $Camera

func _spawn_player(stage):
	yield(get_tree().create_timer(0.6, false), \"timeout\")
	var player = PLAYER_SCN.instance()
	player.position = self.position
	player.get_node(\"Playable\").connect(\"died\", stage, \"_player_died\")
	stage.entities.add_child(player)
	remove_child(_camera)
	player.add_child(_camera)
"

[node name="Stage" type="Node2D"]

script = ExtResource( 1 )

[node name="Tiles" type="Node2D" parent="." index="0"]

[node name="Managers" type="Node2D" parent="." index="1"]

[node name="Pause_Manager" parent="Managers" index="0" instance=ExtResource( 2 )]

[node name="Entities" type="Node2D" parent="." index="2"]

[node name="PlayerStartingPosition" type="Position2D" parent="Entities" index="0"]

script = SubResource( 1 )
PLAYER_SCN = ExtResource( 3 )

[node name="Camera" type="Camera2D" parent="Entities/PlayerStartingPosition" index="0"]

anchor_mode = 1
rotating = false
current = true
zoom = Vector2( 1, 1 )
limit_left = -10000000
limit_top = -10000000
limit_right = 10000000
limit_bottom = 10000000
limit_smoothed = false
drag_margin_h_enabled = true
drag_margin_v_enabled = true
smoothing_enabled = false
smoothing_speed = 5.0
offset_v = 0.0
offset_h = 0.0
drag_margin_left = 0.2
drag_margin_top = 0.2
drag_margin_right = 0.2
drag_margin_bottom = 0.2
editor_draw_screen = true
editor_draw_limits = false
editor_draw_drag_margin = false
__meta__ = {
"_edit_lock_": true
}

[node name="HUD" type="CanvasLayer" parent="." index="3"]

layer = 1
offset = Vector2( 0, 0 )
rotation = 0.0
scale = Vector2( 1, 1 )
transform = Transform2D( 1, 0, 0, 1, 0, 0 )

[node name="StageTransition" parent="HUD" index="0" instance=ExtResource( 4 )]

[node name="PausePopup" parent="HUD" index="1" instance=ExtResource( 5 )]

visible = false
anchor_left = 0.5
anchor_top = 0.5
anchor_right = 0.5
anchor_bottom = 0.5
margin_left = -30.0
margin_top = -10.0
margin_right = 30.0
margin_bottom = 10.0
_sections_unfolded = [ "Anchor", "Grow Direction", "Margin", "Pause" ]

[connection signal="stage_ready" from="." to="Entities/PlayerStartingPosition" method="_spawn_player"]


